@Article{PhysRevB.12.1,
  title = {Pulsed-beam study of $Cd111$ nuclear quadrupole interaction with recoil-induced lattice defects in cubic palladium},
  author = {Bertschat, H.  and Haas, H.  and Pleiter, F.  and Recknagel, E.  and Schlodder, E.  and Spellmeyer, B. },
  journal = {Phys. Rev. B},
  volume = {12},
  number = {1},
  pages = {1--3},
  numpages = {2},
  year = {1975},
  month = {Jul},
  doi = {10.1103/PhysRevB.12.1},
  publisher = {American Physical Society}
}

@Book{abramowitz+stegun,
  author =       "Milton Abramowitz and Irene A. Stegun",
  title =        "Handbook of Mathematical Functions with
                  Formulas, Graphs, and Mathematical Tables",
  publisher =    "Dover",
  year =         1964,
  address =      "New York",
  edition =      "ninth Dover printing, tenth GPO printing"
}
